@Article{CBgenome,
author =   {Lincoln D. Stein and  Zhirong Bao and  Darin Blasiar and 
Thomas Blumenthal and Michael R. Brent and  Nansheng Chen and Asif 
Chinwalla and Laura Clarke and Chris Clee and Avril Coghlan and Alan 
Coulson and Peter D'Eustachio and David H. A. Fitch and Lucinda A. Fulton 
and Robert E. Fulton and Sam Griffiths-Jones and Todd W. Harris and 
LaDeana W. Hillier and Ravi Kamath and Patricia E. Kuwabara and Elaine R. 
Mardis and Marco A. Marra    and Tracie L. Miner  and Patrick Minx  and 
James C. Mullikin and Robert W. Plumb and  Jane Rogers and  Jacqueline 
E. Schein and Marc Sohrmann and  John Spieth and  Jason E. Stajich and 
 Chaochun Wei and  David Willey and  Richard K. Wilson and Richard Durbin
 and  Robert H. Waterston},
  title =  {The Genome Sequence of \textit{{C}aenorhabditis briggsae}: {A} Platform for Comparative Genomics},
  journal =  {{P}{L}o{S} Biology},
  year =   {2003},
  volume =   {1},
  number={2},
  pages =  {166-192}
}




@Article{Cawley04,
  author = 	 {Cawley, S. and Bekiranov, S. and Ng, H.H. and Kapranov, P. and Sekinger, E.A. and Kampa, D. and Piccolboni, A. and
 Sementchenko, V.I. and Cheng, J. and Williams, A.J. and Wheeler, R. and Wong, B. and Drenkow, J. and Yamanaka, M. and Patel, S. and
 Brubaker, S. and Tammana, H. and Helt, G. and Struhl, K. and Gingeras, T.R.},
  title = 	 {Unbiased Mapping of Transcription Factor Binding Sites Along Human Chromosomes 21 and 22 Points to Widespread Regulation of Non-Coding {RNA}s.},
  journal = 	 {Cell},
  year = 	 {2004},
  OPTkey = 	 {},
  volume = 	 {116},
  number = 	 {4},
  pages = 	 {499-511},
  OPTmonth = 	 {},
  OPTnote = 	 {},
  OPTannote = 	 {}
}




@TechReport{Keles04.2,
  author = 	 {S. Kele\c{s} and M. J. van der Laan and S. Dudoit and S. E. Cawley},
  title = 	 { Multiple Testing Methods For {C}h{IP}-{C}hip High Density Oligonucleotide Array Data},
  institution =  {{UC} {B}erkeley, {D}ivision of {B}iostatistics},
  year = 	 {2004},
  OPTkey = 	 {},
  OPTtype = 	 {},
  OPTnumber = 	 {},
  OPTaddress = 	 {},
  OPTmonth = 	 {},
  note = 	 {url: \url{http://www.bepress.com/ucbbiostat/paper147/}},
  OPTannote = 	 {}
}

